
@Article{gluontsbible,
    AUTHOR = "Alexander Alexandrov and Konstantinos Benidis and Michael Bohlke-Schneider andValentin Flunkert and Jan Gasthaus and Tim Januschowski and Danielle C. Maddix and Syama Rangapuram and David Salinas and Jasper Schulz and Lorenzo Stella and Ali Caner Türkmen and Yuyang Wang",
	TITLE = "GluonTS: Probabilistic Time Series Models in Python",
	DATE = "2019",
	url = "https://arxiv.org/pdf/1906.05264.pdf"
}

@Article{review_prob_for_wind,
    AUTHOR = "Yao Zhang and Jianxue Wang and Xifan Wang",
	TITLE = "Review on probabilistic forecasting of wind power generation",
	DATE = "2014",
	url = "https://doi.org/10.1016/j.rser.2014.01.033"
}

@Article{review_deep_renewable_for,
    AUTHOR = "Huaizhi Wanga and Zhenxing Leia, Xian Zhangb and Bin Zhouc and Jianchun Peng",
	TITLE = "A review of deep learning for renewable energy forecasting",
	DATE = "2019",
	url = "https://doi.org/10.1016/j.enconman.2019.111799"
}

@Article{review_deep_ensemble_prob_wind,
    AUTHOR = "Huai-zhi Wanga and Gang-qiang Lia and Gui-bin Wang and Jian-chun Peng and Hui Jiang and Yi-tao Liu",
	TITLE = "A review of deep learning for renewable energy forecasting",
	DATE = "2016",
	url = "https://doi.org/10.1016/j.apenergy.2016.11.111"
}

@Article{deep_factors_gp,
    AUTHOR = "Danielle C. Maddix and Yuyang Wang and Alex Smola",
	TITLE = "Deep Factors with Gaussian Processes for Forecasting",
	DATE = "2018",
	url = "https://arxiv.org/abs/1812.00098"
}

@Article{multi_horizon_quantile,
    AUTHOR = "Ruofeng Wen and Kari Torkkola and Balakrishnan Narayanaswamy and Dhruv Madeka",
	TITLE = "A Multi-Horizon Quantile Recurrent Forecaster",
	DATE = "2017",
	url = "https://arxiv.org/abs/1711.11053"
}

@Article{extreme_event_for_nn,
    AUTHOR = "Nikolay Laptev and Jason Yosinski and Li Erran Li and Slawek Smyl",
	TITLE = "Time-series Extreme Event Forecasting with Neural Networks at Uber",
	DATE = "2017",
	url = "http://www.cs.columbia.edu/~lierranli/publications/TSW2017_paper.pdf"
}


@Article{m4_competition,
    AUTHOR = "Spyros Makridakis and Evangelos Spiliotis and Vassilios Assimakopoulos",
	TITLE = "The M4 Competition: Results, findings, conclusion and way forward",
	DATE = "2017",
	url = "https://doi.org/10.1016/j.ijforecast.2018.06.001"
}

@Book{smooth_for,
    AUTHOR = "Robert Goodell Brown",
    TITLE = "Smoothing Forecasting and Prediction of Discrete Time Series",
    DATE = "1963"
}

@Book{exp_smooth,
    AUTHOR = "E. S. Gardner",
    TITLE = "Exponential smoothing: The state of the art. Journal of Forecasting",
    DATE = "1985"
}

@Article{r_article,
    AUTHOR = "Rob J Hyndman and Yeasmin Khandakar.",
	TITLE = "Automatic time series forecasting:  the forecastpackage for R",
	DATE = "2008",
	JOURNAL = "Journal of Statistical Software"
}

@Article{mxnet,
    AUTHOR = "Tianqi Chen and Mu Li and Yutian Li and Min Lin and Naiyan Wang and Minjie Wang and Tianjun Xiao and Bing Xu and Chiyuan Zhang and Zheng Zhang",
	TITLE = "MXNet: A Flexible and Efficient Machine Learning Library for Heterogeneous Distributed Systems",
	DATE = "2015",
	url = "https://arxiv.org/abs/1512.01274"
}

@Article{pytorch,
    AUTHOR = "Adam Paszke and Sam Gross and Francisco Massa and Adam Lerer and James Bradbury and Gregory Chanan and Trevor Killeen and Zeming Lin and Natalia Gimelshein and Luca Antiga and Alban Desmaison and Andreas Köpf and Edward Yang and Zach DeVito and Martin Raison and Alykhan Tejani and Sasank Chilamkurthy and Benoit Steiner and Lu Fang and Junjie Bai and Soumith Chintala",
	TITLE = "PyTorch: An Imperative Style, High-PerformanceDeep Learning Library",
	DATE = "2019",
	url = "https://doi.org/10.1016/j.ijforecast.2018.06.001"
}

@Article{tensorflow,
    AUTHOR = "Martin Abadi and Paul Barham and Jianmin Chen and Zhifeng Chen and Andy Davis and Jeffrey Dean and Matthieu Devin and Sanjay Ghemawat and Geoffrey Irving and Michael Isard and Manjunath Kudlur and Josh Levenberg and Rajat Monga and Sherry Moore and Derek G. Murray and Benoit Steiner and Paul Tucker and Vijay Vasudevan and Pete Warden and Martin Wicke and Yuan Yu and Xiaoqiang Zheng ",
	TITLE = "TensorFlow: A system for large-scale machine learning",
	DATE = "2016",
	url = "https://research.google/pubs/pub45381/"
}

@Article{deepar_paper,
    AUTHOR = "David Salinas and Valentin Flunkert and Jan Gasthaus",
	TITLE = "DeepAR: Probabilistic Forecasting with Autoregressive Recurrent Networks",
	DATE = "2017",
	url = "https://arxiv.org/abs/1704.04110"
}

@Article{deepar_factor,
    AUTHOR = "Yuyang Wang and Alex Smola and Danielle C. Maddix and Jan Gasthaus and Dean Foster and Tim Januschowski",
	TITLE = "Deep Factors for Forecasting",
	DATE = "2019",
	url = "https://arxiv.org/abs/1905.12417"
}

@Article{mqcnn_paper,
    AUTHOR = "Ruofeng Wen and Kari Torkkola and Balakrishnan Narayanaswamy and Dhruv Madeka",
	TITLE = "A Multi-Horizon Quantile Recurrent Forecaster",
	DATE = "2018",
	url = "https://arxiv.org/abs/1711.11053"
}

@Book{forecasting_principle1,
    TITLE = "Forecasting: Principles and Practice",
    AUTHOR = "Rob J Hyndman and George Athanasopoulos",
    SCHOOL = "Monash University, Australia",
    NOTE = "Section 3.1"
}

@Book{forecasting_principle2,
    TITLE = "Forecasting: Principles and Practice",
    AUTHOR = "Rob J Hyndman and George Athanasopoulos",
    SCHOOL = "Monash University, Australia",
    NOTE = "Section 8"
}

@Article{deepstate_paper,
    AUTHOR = "Syama Sundar Rangapuram and Matthias Seeger and Jan Gasthaus and Lorenzo Stella and Yuyang Wang and Tim Januschowski",
	TITLE = "Deep State Space Models for Time Series Forecasting",
	DATE = "2018",
	url = "https://papers.nips.cc/paper/8004-deep-state-space-models-for-time-series-forecasting"
}

@Article{rnn_paper,
    AUTHOR = " Ronald J. Williams and   Geoffrey E. Hinton and  David E. Rumelhart",
	TITLE = "Learning representations by back-propagating errors",
	DATE = "1986",
	JOURNAL = "Nature"
}

@Article{gp_paper,
    AUTHOR = " David J. C. MacKay",
	TITLE = "A Practical Bayesian Framework for Backpropagation Networks",
	DATE = "1992",
}

@Article{npts_paper,
    AUTHOR = " Han Lin Shang and Rob. J. Hyndman",
	TITLE = "A Practical Bayesian Framework for Backpropagation Networks",
	DATE = "2011",
	url = "https://doi.org/10.1016/j.matcom.2010.04.027"
}